% BERT
@inproceedings{devlin2019bert,
  title={BERT: Pre-training of Deep Bidirectional Transformers for Language Understanding},
  author={Devlin, Jacob and Chang, Ming-Wei and Lee, Kenton and Toutanova, Kristina},
  booktitle={Proceedings of the 2019 Conference of the North American Chapter of the Association for Computational Linguistics: Human Language Technologies, Volume 1 (Long and Short Papers)},
  pages={4171--4186},
  year={2019}
}

% DAT
@article{ganin2016domain,
  title={Domain-adversarial training of neural networks},
  author={Ganin, Yaroslav and Ustinova, Evgeniya and Ajakan, Hana and Germain, Pascal and Larochelle, Hugo and Laviolette, Fran{\c{c}}ois and Marchand, Mario and Lempitsky, Victor},
  journal={The journal of machine learning research},
  volume={17},
  number={1},
  pages={2096--2030},
  year={2016},
  publisher={JMLR. org}
}

% InvRat
@inproceedings{chang2020invariant,
  title={Invariant rationalization},
  author={Chang, Shiyu and Zhang, Yang and Yu, Mo and Jaakkola, Tommi},
  booktitle={International Conference on Machine Learning},
  pages={1448--1458},
  year={2020},
  organization={PMLR}
}

% TextCNN
@inproceedings{kim2014convolutional,
  title={Convolutional Neural Networks for Sentence Classification},
  author={Kim, Yoon},
  booktitle={Proceedings of the 2014 Conference on Empirical Methods in Natural Language Processing (EMNLP)},
  pages={1746--1751},
  year={2014}
}

% Transformer
@inproceedings{vaswani2017attention,
  title={Attention is all you need},
  author={Vaswani, Ashish and Shazeer, Noam and Parmar, Niki and Uszkoreit, Jakob and Jones, Llion and Gomez, Aidan N and Kaiser, {\L}ukasz and Polosukhin, Illia},
  booktitle={Advances in neural information processing systems},
  pages={5998--6008},
  year={2017}
}

% Dixon
@inproceedings{dixon2018measuring,
  title={Measuring and mitigating unintended bias in text classification},
  author={Dixon, Lucas and Li, John and Sorensen, Jeffrey and Thain, Nithum and Vasserman, Lucy},
  booktitle={Proceedings of the 2018 AAAI/ACM Conference on AI, Ethics, and Society},
  pages={67--73},
  year={2018}
}

% Park
@article{park2018reducing,
  title={Reducing gender bias in abusive language detection},
  author={Park, Ji Ho and Shin, Jamin and Fung, Pascale},
  journal={arXiv preprint arXiv:1808.07231},
  year={2018}
}

% Badjatiya
@inproceedings{badjatiya2019stereotypical,
  title={Stereotypical bias removal for hate speech detection task using knowledge-based generalizations},
  author={Badjatiya, Pinkesh and Gupta, Manish and Varma, Vasudeva},
  booktitle={The World Wide Web Conference},
  pages={49--59},
  year={2019}
}

% Xia 
@article{xia2020demoting,
  title={Demoting racial bias in hate speech detection},
  author={Xia, Mengzhou and Field, Anjalie and Tsvetkov, Yulia},
  journal={arXiv preprint arXiv:2005.12246},
  year={2020}
}

% Mozafari
@article{mozafari2020hate,
  title={Hate speech detection and racial bias mitigation in social media based on BERT model},
  author={Mozafari, Marzieh and Farahbakhsh, Reza and Crespi, No{\"e}l},
  journal={PloS one},
  volume={15},
  number={8},
  pages={e0237861},
  year={2020},
  publisher={Public Library of Science San Francisco, CA USA}
}

% Vaidya
@inproceedings{vaidya2020empirical,
  title={Empirical analysis of multi-task learning for reducing identity bias in toxic comment detection},
  author={Vaidya, Ameya and Mai, Feng and Ning, Yue},
  booktitle={Proceedings of the International AAAI Conference on Web and Social Media},
  volume={14},
  pages={683--693},
  year={2020}
}

% mask
@inproceedings{changGameTheoreticApproach2019,
  author    = {Shiyu Chang and
               Yang Zhang and
               Mo Yu and
               Tommi S. Jaakkola},
  editor    = {Hanna M. Wallach and
               Hugo Larochelle and
               Alina Beygelzimer and
               Florence d'Alch{\'{e}}{-}Buc and
               Emily B. Fox and
               Roman Garnett},
  title     = {A Game Theoretic Approach to Class-wise Selective Rationalization},
  booktitle = {Advances in Neural Information Processing Systems 32: Annual Conference
               on Neural Information Processing Systems 2019, NeurIPS 2019, December
               8-14, 2019, Vancouver, BC, Canada},
  pages     = {10055--10065},
  year      = {2019},
  url       = {https://proceedings.neurips.cc/paper/2019/hash/5ad742cd15633b26fdce1b80f7b39f7c-Abstract.html},
  timestamp = {Thu, 21 Jan 2021 15:15:20 +0100},
  biburl    = {https://dblp.org/rec/conf/nips/ChangZYJ19.bib},
  bibsource = {dblp computer science bibliography, https://dblp.org}
}

% invrat on TLD
@article{chuang2021mitigating,
  title={Mitigating Biases in Toxic Language Detection through Invariant Rationalization},
  author={Chuang, Yung-Sung and Gao, Mingye and Luo, Hongyin and Glass, James and Lee, Hung-yi and Chen, Yun-Nung and Li, Shang-Wen},
  journal={arXiv preprint arXiv:2106.07240},
  year={2021}
}

% roberta
@article{YinhanRoBERTa2019,
  title={RoBERTa: {A} Robustly Optimized {BERT} Pretraining Approach},
  author={Liu, Yinhan and Ott, Myle and Goyal, Naman and Du, Jingfei and Joshi, Mandar and Chen, Danqi and Levy, Omer and Lewis, Mike and Zettlemoyer, Luke and Stoyanov, Veselin},
  journal={arXiv preprint arXiv:1907.11692},
  year={2019}
}

% Gaydhani
@article{gaydhani2018detecting,
  title={Detecting hate speech and offensive language on twitter using machine learning: An n-gram and tfidf based approach},
  author={Gaydhani, Aditya and Doma, Vikrant and Kendre, Shrikant and Bhagwat, Laxmi},
  journal={arXiv preprint arXiv:1809.08651},
  year={2018}
}

% Bojkovsk`y and Pikuliak
@inproceedings{bojkovsky2019stufiit,
  title={STUFIIT at SemEval-2019 Task 5: Multilingual hate speech detection on twitter with MUSE and ELMo embeddings},
  author={Bojkovsk{\`y}, Michal and Pikuliak, Mat{\'u}{\v{s}}},
  booktitle={Proceedings of the 13th International Workshop on Semantic Evaluation},
  pages={464--468},
  year={2019}
}

% d'Sa
@inproceedings{d2020bert,
  title={Bert and fasttext embeddings for automatic detection of toxic speech},
  author={d'Sa, Ashwin Geet and Illina, Irina and Fohr, Dominique},
  booktitle={2020 International Multi-Conference on:“Organization of Knowledge and Advanced Technologies”(OCTA)},
  pages={1--5},
  year={2020},
  organization={IEEE}
}